@article{triesch2001system,
  title={A system for person-independent hand posture recognition against complex backgrounds},
  author={Triesch, Jochen and Von Der Malsburg, Christoph},
  journal={IEEE Transactions on Pattern Analysis and Machine Intelligence},
  volume={23},
  number={12},
  pages={1449--1453},
  year={2001},
  publisher={IEEE Computer Society}
}
@inproceedings{rupanagudi2015high,
  title={A high speed algorithm for identifying hand gestures for an ATM input system for the blind},
  author={Rupanagudi, Sudhir Rao and Ranjani, BS and Bhat, Varsha G and Surabhi, K and Reshma, PR and Shruthi, G and Sarayu, KP and Sangeetha, R and Rao, B Rajesh and Vasanti, S},
  booktitle={2015 IEEE Bombay Section Symposium (IBSS)},
  pages={1--6},
  year={2015},
  organization={IEEE}
}
@inproceedings{panwar2012hand,
  title={Hand gesture recognition based on shape parameters},
  author={Panwar, Meenakshi},
  booktitle={2012 International Conference on Computing, Communication and Applications},
  pages={1--6},
  year={2012},
  organization={IEEE}
}
@article{badi2016recent,
  title={Recent methods in vision-based hand gesture recognition},
  author={Badi, Haitham},
  journal={International Journal of Data Science and Analytics},
  pages={1--11},
  year={2016},
  publisher={Springer}
}
@article{rautaray2015vision,
  title={Vision based hand gesture recognition for human computer interaction: a survey},
  author={Rautaray, Siddharth S and Agrawal, Anupam},
  journal={Artificial Intelligence Review},
  volume={43},
  number={1},
  pages={1--54},
  year={2015},
  publisher={Springer}
}
@article{huang2011gabor,
  title={Gabor filter-based hand-pose angle estimation for hand gesture recognition under varying illumination},
  author={Huang, Deng-Yuan and Hu, Wu-Chih and Chang, Sung-Hsiang},
  journal={Expert Systems with Applications},
  volume={38},
  number={5},
  pages={6031--6042},
  year={2011},
  publisher={Elsevier}
}
@article{kumar2010hand,
  title={Hand posture and face recognition using a fuzzy-rough approach},
  author={Kumar, P Pramod and Vadakkepat, Prahlad and Loh, Ai Poh},
  journal={International Journal of Humanoid Robotics},
  volume={7},
  number={03},
  pages={331--356},
  year={2010},
  publisher={World Scientific}
}